% This file was created with JabRef 2.7b.
% Encoding: UTF-8


@article{1748-0221-6-09-P09001,
  author={The CMS collaboration},
  title={Missing transverse energy performance of the CMS detector},
  journal={Journal of Instrumentation},
  volume={6},
  number={09},
  pages={P09001},
  url={http://stacks.iop.org/1748-0221/6/i=09/a=P09001},
  year={2011}
}

@ARTICLE{PDG2012,
  author = {J. Beringer et al. (Particle Data Group)},
  title = {{2012 Review of Particle Physics}},
  journal = {Phys. Rev. D},
  year = {2012},
  volume = {86},
  owner = {kress},
  timestamp = {2012.07.23}
}

@ARTICLE{Glashow1961,
  author = {Glashow, S.L.},
  title = {{Partial Symmetries of Weak Interactions}},
  journal = {Nucl.Phys.},
  year = {1961},
  volume = {22},
  pages = {579-588},
  __markedentry = {[kress:6]},
  doi = {10.1016/0029-5582(61)90469-2},
  owner = {kress},
  slaccitation = {%%CITATION = NUPHA,22,579;%%},
  timestamp = {2012.05.21}
}

@BOOK{Goossens:1994,
  title = {The {\LaTeX} Companion},
  publisher = {Addison-Wesley},
  year = {1994},
  author = {Michel Goossens and Frank Mittelbach and Alexander Samarin},
  address = {Reading Massachusetts}
}

@BOOK{Kopka:1999,
  title = {A Guide to {\LaTeX}, : Document Preparation for Beginners and Advanced
	Users},
  publisher = {Addison-Wesley},
  year = {1999},
  author = {Helmut Kopka and Patrick W. Daly},
  address = {Reading Massachusetts},
  edition = {Third}
}

@BOOK{Kopka:1995,
  title = {A Guide to {\LaTeX} : Document Preparation for Beginners and Advanced
	Users},
  publisher = {Addison-Wesley},
  year = {1995},
  author = {Helmut Kopka and Patrick W. Daly},
  address = {Reading Massachusetts},
  edition = {Second}
}

@BOOK{Lamport:1994,
  title = {{\LaTeX}: A Document Preparation System},
  publisher = {Addison-Wesley},
  year = {1994},
  author = {Leslie Lamport},
  address = {Reading Massachusetts}
}

@BOOK{Griffiths:2004,
  title = {Introduction to Quantum Mechanics (2nd ed.)},
  publisher = {Prentice Hall},
  year = {2004},
  author = {David J. Griffiths},
  address = {ISBN 0-13-805326-X}
}

@ARTICLE{Christman:2001,
  author = {J. Christman},
  title = {{The Weak Interaction}},
  journal = {Physnet, Michigan State University},
  year = {2001},
}

@BOOK{Peskin:1995,
  title = {An Introduction To Quantum Field Theory},
  publisher = {Westview Press},
  year = {1995},
  author = {M.E.Peskin, D.V.Schroeder}
}

@ARTICLE{Hooft:1971,
  author = {G. 't Hooft},
  title = {{Renormalizable lagrangians for massive Yang-Mills fields}},
  journal = {Nucl. Phys.},
  year = {1971},
  volume = {B35},
  pages = {167},
}

@ARTICLE{Hooft:1972,
  author = {G. 't Hooft, M.Veltman},
  title = {{Regularization and renormalization of gauge fields}},
  journal = {Nucl. Phys.},
  year = {1972},
  volume = {B44},
  pages = {189}
}
@ONLINE{Wiki:Guage_Theory,
author = {Doe, Ringo},
title = {Gauge theory},
year = {2013},
url = {http://en.wikipedia.org/wiki/Gauge_theory}
}


@ARTICLE{Salam1968,
  author = {Salam, A.},
  title = {{Elementary Particle Physics: Relativistic Groups and Analyticity}},
  journal = {Val. Proceeding to the Eighth Nobel Symposium. Almquvist and Wiksell},
  year = {1968},
}

@ARTICLE{Weinberg1967,
  author = {Weingerg, S.},
  title = {{A Model of Leptons}},
  journal = {Phys.Rev.Lett.},
  volume = {19},
  pages = {1264},
  year = {1967},
  doi = {10.1103/PhysRevLett.19.1264},
}


@BOOK{Ryder1996,
  author = {L. H. Ryder},
  title = {{Quantum Field Theory}},
  year = {1996},
  publisher = {Cambridge University Press},
}


@BOOK{LHCDesignReport,
  author = {CERN 2004-003},
  title = {{LHC Design Report}},
  year = {2004},
}


@ARTICLE{ATLASExperiment,
  author = {ATLAS Collaboration},
  title = {{The ATLAS Experiment at the CERN Large Hadron Collider}},
  journal = {Journal of Instrumentation},
  year = {2008},
  volume = {3},
  pages = {S08003},
}


@ARTICLE{ALICEExperiment,
  author = {ALICE Collaboration},
  title = {{The ALICE Experiment at the CERN LHC}},
  journal = {Journal of Instrumentation},
  year = {2008},
  volume = {3},
  pages = {S08002},
}


@ARTICLE{LHCbExperiment,
  author = {LHCb Collaboration},
  title = {{The LHCb Detector at the LHC}},
  journal = {Journal of Instrumentation},
  year = {2008},
  volume = {3},
  pages = {S08005},
}

@ARTICLE{CMSExperiment,
  author = {The CMS Collaboration},
  title = {{The CMS experiment at the CERN LHC}},
  journal = {Journal of Instrumentation},
  year = {2008},
  volume = {3},
  pages = {S08004},
}

@ARTICLE{WandZCrossSections,
  author = {The CMS Collaboration},
  title = {{Measurements of the Inclusive W and Z Cross Sections in pp Collisions at $\sqrt{s}$= 7 TeV}},
  journal = {JHEP},
  year = {2011},
  volume = {1101},
  pages = {080},
  doi = {10.1007/JHEP01(2011)080},
}


@ARTICLE{2l2q115,
  author = {The CMS $H \rightarrow ZZ \rightarrow 2l2q$ Group},
  title = {{Search for the standard model Higgs Boson in the decay channel $H \rightarrow ZZ \rightarrow 2l2q$ at CMS}},
  journal = {CMS-AN-2012/115},
  year = {2012},
  volume = {},
  pages = {},
  doi = {},
}


@article{PhysRevD.81.075022,
  title = {Spin determination of single-produced resonances at hadron colliders},
  author = {Gao, Yanyan and Gritsan, Andrei V. and Guo, Zijin and Melnikov, Kirill and Schulze, Markus and Tran, Nhan V.},
  journal = {Phys. Rev. D},
  volume = {81},
  issue = {7},
  pages = {075022},
  numpages = {27},
  year = {2010},
  month = {Apr},
  doi = {10.1103/PhysRevD.81.075022},
  url = {http://link.aps.org/doi/10.1103/PhysRevD.81.075022},
  publisher = {American Physical Society}
}

@article{Physics_2010, 
title={Higgs boson look-alikes at the LHC}, 
url={http://www.osti.gov/scitech/servlets/purl/21410014}, 
DOI={10.1103/PHYSREVD.82.013003}, 
journal={Journal Name: Physical Review. D, Particles Fields}, 
author={De Rujula, A. et. Al}, 
year={2010}, 
month={Jul}}

@techreport{CMS-PAS-HIG-12-024,
      title         = "{Search for a standard model like Higgs boson in the decay channel H to ZZ to l+l- q qbar at CMS}",
      institution   = "CERN",
      collaboration = "CMS Collaboration",
      address       = "Geneva",
      number        = "CMS-PAS-HIG-12-024",
      year          = "2013",
}


@techreport{CMS-AN-HIG-13-064,
      title         = "{Search for a standard model like Higgs boson in the decay channel H to ZZ to l+l- q qbar at CMS}",
      institution   = "CERN",
      collaboration = "CMS Collaboration",
      address       = "Geneva",
      number        = "CMS-AS-HIG-13-064",
      year          = "2013",
}


@techreport{CMS-PAS-BTV-11-004,
      title         = "{b-Jet Identification in the CMS Experiment}",
      institution   = "CERN",
      collaboration = "CMS Collaboration",
      address       = "Geneva",
      number        = "CMS-PAS-BTV-11-004",
      year          = "2012",
}

@ARTICLE{TagandProbe2012,
  author = {The Egamma ID Group},
  title = {{Tag and probe methodology for analysis using electron and photons}},
  journal = {CMS-AN-2012/116},
  year = {2012},
  volume = {},
  pages = {},
  doi = {},
}


@ARTICLE{tmva,
  author = {A. Hoecher, et al.},
  title = {{TMVA - Toolkit for Multivariate Data Analysis}},
  journal = {arXiv:physics/0703039},
  year = {2007},
  volume = {},
  pages = {},
  doi = {},
}


@ARTICLE{MadGraph07,
  author = {J. Alwall, P. Demin, S. de Visscher et al.},
  title = {{MadGraph/MadEvent v4: the new webgeneration}},
  journal = {JHEP},
  year = {2007},
  volume = {09},
  pages = {028},
  doi = {10.1088/1126-6708/2007/09/028},
}

@ARTICLE{Powheg04,
  author = {P.Nason},
  title = {{A New Method for Combining NLO QCD with Shower Monte Carlo
Algorithms}},
  journal = {JHEP},
  year = {2004},
  volume = {11},
  pages = {040},
  doi = {10.1088/1126-6708/2004/11/040},
}

@ARTICLE{Powheg07,
  author = {S. Frixione, P. Nason, Oleari},
  title = {{Matching NLO QCD Computations with Parton
Shower Simulations: the POWHEG method}},
  journal = {JHEP},
  year = {2007},
  volume = {11},
  pages = {070},
  doi = {doi:10.1088/1126-6708/2007/11/070},
}

@ARTICLE{Powheg08,
  author = {S. Alioli, P. Nason, C. Oleari et al.},
  title = {{NLO Vector-Boson Production Matched with Shower
in POWHEG}},
  journal = {JHEP},
  year = {2008},
  volume = {07},
  pages = {06},
  doi = {doi:10.1088/1126-6708/2008/07/060},
}


@ARTICLE{Gao_5angles,
  author = {Y. Gao et al.},
  title = {{Spin determination of single-produced resonances at hadron collider}},
  journal = {Phys. Rev.},
  year = {2010},
  volume = {D81},
  pages = {075022},
  doi = {10.1103/PhysRevD.81.075022},
}

@ARTICLE{Rujela_5angles,
  author = {A. De Rujula et al.},
  title = {{Higgs look-alikes at the LHC}},
  journal = {Phys. Rev.},
  year = {2010},
  volume = {D82},
  pages = {013003},
  doi = {10.1103/PhysRevD.82.013003},
}




@TECHREPORT{CMS_AN_2006-027,
     AUTHOR       = "Belotelov, I. and Golutvin, I. and Bourilkov, D. and Lanyov, A. and Rogalev, E. and Savina, M. and Shmatov, S.",
     TITLE        = "Search for {ADD} extra dimensional gravity in di-muon channel with the {CMS} Detector",
     TYPE      = "CMS Note",
     NUMBER       = "2006/076",
     URL          = "http://cdsweb.cern.ch/record/962045",
     YEAR         = "2006"}
@TECHREPORT{CMS_NOTE_2006-106,
     AUTHOR       = "Aldaya, M. and Arce, P. and Caballero, J. and de la Cruz, B. and Garcia-Abia, P. and Hernandez, J.M. and Josa, M.I. and Ruiz, E.",
     TITLE        = "Discovery potential and search strategy for the Standard Model {H}iggs boson in the {$H\to ZZ^\star\to 4\mu$} decay channel using a mass-independent analysis",
     TYPE      = "CMS Note",
     NUMBER       = "2006/106",
     URL          = "http://cdsweb.cern.ch/record/962058",
     YEAR         = "2006"}


%
% standard article
%
@Article{Brandt:1997gi,
     author    = "Brandt, A. and others",
 collaboration = "UA8",
     title     = "Measurements of single diffraction at $\sqrt{s} =$ 630 {GeV}:
                  Evidence for  a non-linear $\alpha(t)$ of the pomeron",
     journal   = "Nucl. Phys. B",
     volume    = "514",
     year      = "1998",
     pages     = "3",
     SLACcitation  = "%%CITATION = HEP-EX 9710004;%%",
     doi       = "10.1016/S0550-3213(97)00813-4"
}
@ARTICLE{Buchmuller:1986zs,
     AUTHOR       = "Buchm{\"u}ller, W. and Wyler, D.",
     TITLE        = "Constraints on {SU(5)}-type leptoquarks",
     JOURNAL      = "Phys. Lett. B",
     VOLUME       = "177",
     YEAR         = "1986",
     pages        = "377",
     SLACcitation  = "%%CITATION = PHLTA,B191,442;%%",
     doi          = "10.1016/0370-2693(86)90771-9"}
@Article{PTDR2,
     author    = "{CMS Collaboration}",
     title     = "{CMS} technical design report, volume {II}: {Physics}
                  performance",
     journal   = "J. Phys. G",
     volume    = "34",
     year      = "2007",
     pages     = "995-1579",
     doi       = "10.1088/0954-3899/34/6/S01",
     SLACcitation  = "%%CITATION = JPHGB,G34,995;%%"
}
% PAS are now TECHREPORTS. Same for Notes. A formatted list of PASs is located in [svn]/utils/branches/dev/general/pasBib-tech.bib
@TECHREPORT{CMS-PAS-LUM-12-001,
      AUTHOR        = "{CMS Collaboration}",
      COLLABORATION = {CMS},
      TITLE         = "CMS Luminosity Based on Pixel Cluster Counting - Summer
                      2012 Update",
      URL           = "http://cdsweb.cern.ch/record/1482193",
      TYPE          = "CMS Physics Analysis Summary",
      NUMBER        = "CMS-PAS-LUM-12-001",
      YEAR          = "2012",
}

@TECHREPORT{CMS-PAS-JME-10-003,
      AUTHOR      = "{CMS Collaboration}",
      COLLABORATION = {CMS},
      TITLE       = "Jet Performance in pp Collisions at $\sqrt{s}$=7 {TeV}",
      URL         = "http://cdsweb.cern.ch/record/1279362",
      TYPE     = "CMS Physics Analysis Summary",
      NUMBER      = "CMS-PAS-JME-10-003",
      YEAR        = "2010"
}
%SPIRES had this one as R. Adolphi, et. al. Wrong.
@Article{:2008zzk,
     author    = "Chatrchyan, S. and others",
     collaboration = "CMS",
     title     = "The {CMS} experiment at the {CERN} {LHC}",
     journal   = "JINST",
     volume    = "3",
     year      = "2008",
     pages     = "S08004",
     doi       = "10.1088/1748-0221/3/08/S08004",
     SLACcitation  = "%%CITATION = JINST,3,S08004;%%"
}
%
% An example of a document which only appears on arXiv
%
@UNPUBLISHED{LEPewkfits,
     author = "{ALEPH, CDF, D0, DELPHI, L3, OPAL, SLD Collaborations,
                                    the LEP Electroweak Working Group, the Tevatron Electroweak Working Group, and the SLD Electroweak and Heavy Flavour Groups}",
     title     = "Precision electroweak measurements and constraints on
the {Standard Model}",
     URL       = "http://lepewwg.web.cern.ch/LEPEWWG",
     eprint    = "1012.2367",
     archivePrefix = "arXiv",
     primaryClass  =  "hep-ex",
     year  = "2010",
     SLACcitation  = "%%CITATION = 1012.2367;%%"
}
%
% A document hosted on a laboratory server
%
@TECHREPORT{Bertram:2000br,
  author = " Bertram, I. and Landsberg, G. and Linnemann, J. and Partridge, R. and Paterno, M. and Prosper, H.B.",
  title =  "A Recipe for the construction of confidence limits",
  institution = "Fermilab",
  number     = "{TM-2104}",
  url = "http://lss.fnal.gov/archive/test-tm/2000/fermilab-tm-2104.pdf",
  year = "2000"
 }
%
% A CMS paper submitted but not yet accepted; The SLACcitation is not necessary. This one is now accepted rather than submitted, however.
%
@Unpublished{Khachatryan:2010mp,
     author    = "{CMS Collaboration}",
     collaboration = "CMS",
     title     = "Search for Pair Production of First-Generation Scalar Leptoquarks in pp Collisions at $\sqrt{s} = 7$ {TeV}",
     note  = "Submitted to \textit{Phys. Rev. Lett.}",
     eprint    = "1012.4031",
     archivePrefix = "arXiv",
     primaryClass  =  "hep-ex",
     year = "2010",
     SLACcitation  = "%%CITATION = 1012.4031;%%"
}
@INPROCEEDINGS{RooStats,
  AUTHOR       = "Moneta, L. and Belasco, K. and  Cranmer, K.S. and Lazzaro, A. and Piparo, D. and Schott, G. and Verkerke, W. and Wolf, M. ",
  TITLE        = "The {R}oo{S}tats {P}roject",
  BOOKTITLE = "13$^\text{th}$ International Workshop on Advanced Computing and Analysis Techniques in Physics Research (ACAT2010)",
  YEAR         = "2010",
  PUBLISHER = "SISSA",
  NOTE = "{PoS(ACAT2010)057}",
  URL          = "http://pos.sissa.it/archive/conferences/093/057/ACAT2010_057.pdf",
  eprint = "1009.1003",
  primaryClass = "physics.data-an"
}

@ARTICLE{CMS-PAS-BTV-10-001,
      AUTHOR      = "{CMS Collaboration}",
      COLLABORATION = {CMS},
      TITLE       = "Commissioning of $b$-jet identification with pp collisions at $\sqrt{s}$=7 {TeV}",
      JOURNAL     = "CMS Physics Analysis Summary",
      VOLUME      = "CMS-PAS-BTV-10-001",
      YEAR        = "2010"
}


@ARTICLE{CMS-PAS-MUO-10-002,
   COLLABORATION = "CMS",
   TITLE = "Performance of CMS muon identification in pp collisions at $\sqrt{s} = 7$ TeV",
   JOURNAL = "CMS PAS",
   VOLUME = "\href{http://cms.cern.ch/iCMS/analysisadmin/get?analysis=MUO-10-002-pas.pdf}{MUO-2010-002}",
   YEAR = "2010"
}


@ARTICLE{CMS-PAS-EGM-10-004,
   COLLABORATION = "CMS Collaboration",
   TITLE = "Performance of muon reconstruction and identification in pp collisions at $\sqrt{s}$=7 TeV",
   JOURNAL = "CMS PAS",
   VOLUME = "{CMS-MUO-10-004}{under approval}",
   YEAR = "2010"
}


@ARTICLE{lumiPAS,
   COLLABORATION = "CMS",
   TITLE = "Measurement of CMS luminosity",
   JOURNAL = "CMS PAS",
   VOLUME = "\href{http://cms.cern.ch/iCMS/analysisadmin/get?analysis=EWK-10-004-pas.pdf}{EWK-2010-004}",
   YEAR = "2010"
}


@ARTICLE{lumiPAS2,
   COLLABORATION = "CMS",
   TITLE = "Absolute luminosity normalization",
   JOURNAL = "CMS DPS",
   VOLUME = "\href{http://cdsweb.cern.ch/record/1335668}{2011-002}",
   YEAR = "2011"
}


@MISC{ALPGEN, 
NOTE = "ALPGEN generator reference."
}

@ARTICLE{PAT,
      AUTHOR      = "{W. Adam, V. Adler, B. Hegner, L. Lista, S. Lowette, P. Maksimovic, G. Petrucciani, S. Rappoccio, F. Ronga, R. Tenchini and R. Wolf}",
      TITLE       = "PAT: The CMS Physics Analysis Toolkit ",
      URL         = "http://iopscience.iop.org/1742-6596/219/3/032017",
      JOURNAL     = "Jour. of Phys., Conf. Series",
      VOLUME      = "219",
      PAGES       = "032017",
      YEAR        = "2010",
      DOI = "10.1088/1742-6596/219/3/032017"
}

@ARTICLE{ECALDP,
   COLLABORATION = "CMS",
   TITLE = "Electron Reconstruction and Identification at $\sqrt{s} = 7$ TeV",
   JOURNAL = "CMS Detector Performance Summary",
   VOLUME = "\href{http://cdsweb.cern.ch/collection/CMS\%20Detector\%20Performance\%20Summaries?ln=en}{DP-2010-032}",
   YEAR = "2010"
}


@ARTICLE{PF,
   COLLABORATION = "CMS",
   TITLE = "Particle-flow commissioning with muons and electrons from J/Psi, and W events at 7 TeV",
   JOURNAL = "CMS PAS",
   VOLUME = "\href{http://cms.cern.ch/iCMS/analysisadmin/get?analysis=PFT-10-003-pas.pdf}{PFT-2010-003}",
   YEAR = "2010"
}


@ARTICLE{LEPII,
  AUTHOR ="{G. Abbiendi et al., The ALEPH, DELPHI, L3 and OPAL Collaborations, The LEP Working Group for Higgs Boson Searches}",
  TITLE="Search for the Standard Model Higgs Boson at LEP",
  JOURNAL ="Phys. Lett",
  VOLUME = "B565",
  PAGES="61-75",
  YEAR="2003",
  DOI="10.1016/S0370-2693(03)00614-2"
}

@ARTICLE{Tevatron,
  AUTHOR = "{T. Aaltonen et al, The CDF and D0 Collaborations}",
  TITLE="Combination of Tevatron searches for the standard model Higgs boson in the W+W- decay mode", 
  JOURNAL="Phys. Rev. Lett.",
  VOLUME = "104",
  PAGES = "061802",
  YEAR = "2010",
  DOI = "10.1103/PhysRevLett.104.061802"
}

@ARTICLE{Tevatron2,
  AUTHOR = "{T. Aaltonen et al, The CDF, D0 Collaborations, the TEVNPHWG Working Group}",
  TITLE="Combined CDF and D0 Upper Limits on Standard Model Higgs Boson Production with up to 8.2 fb-1 of Data",
  JOURNAL="FERMILAB-CONF-11-044-E",
  YEAR = "2011",
  eprint    = "1103.3233",
  archivePrefix = "arXiv",
}

@ARTICLE{Precision,
  AUTHOR = "{The ALEPH, CDF, D0, DELPHI, L3, OPAL, SLD Collaborations, the LEP Electroweak Working Group, the Tevatron Electroweak Working Group, and the SLD electroweak and heavy flavour groups}",
  TITLE="Precision Electroweak Measurements and Constraints on the Standard Model",
  JOURNAL="LEPEWWG",
  VOLUME = "\href{http://lepewwg.web.cern.ch/LEPEWWG/stanmod/summer2010/s10_ew.pdf}{2010-01}",
  YEAR = "2010",
     eprint    = "1012.2367",
     archivePrefix = "arXiv",
     primaryClass  =  "hep-ex",
}


@ARTICLE{jhu,
     AUTHOR = "{Yanyan Gao, Andrei V. Gritsan, Zijin Guo, Kirill Melnikov, Markus Schulze and Nhan V. Tran}",
     TITLE = "Spin-Determination of Single-Produced Resonances at Hadron Colliders",
     URL       ="Http://www.pha.jhu.edu/spin/"
}


@ARTICLE{2l2jnote,
    AUTHOR       = "Bolognesi, S. and Bonato, A. and D. Del Re, A.and Gritsan, A.V. and Pandolfi, F. and Tran, N.V and Whitbeck, A.",
     TITLE        = "Search for a Semileptonic Decay of a SM Higgs or BSM Boson {$H\to ZZ \to 2l2j$}",
     YEAR = "2011",
     JOURNAL      = "CMS Note",
     VOLUME       = "CMS-AN-2011/100" 
}


@ARTICLE{gsfelectrons,
AUTHOR       = "CMS Collaboration",
 TITLE        = "Electron reconstruction and identification at {$\sqrt{(s)}=7$} TeV",
 JOURNAL      = "CMS Physics Analysis Summary EGM-10-004"
}



@ARTICLE{pfjets,
AUTHOR       = "CMS Collaboration",
 TITLE        = "Commissioning of the Particle-Flow Reconstruction in Minimum-Bias and Jet Events from pp Collisions at {$\sqrt{(s)}=7$} TeV",
JOURNAL      = "CMS Physics Analysis Summary PFT-10-002"
}


@ARTICLE{tc_tagger,
 AUTHOR       = "Rizzi, A. and Palla, F. and Segneri, G.",
 TITLE        = "Track impact parameter based b-tagging with CMS",
 JOURNAL      = "CMS Note",
 VOLUME       = "CMS-AN-2006/019",
 YEAR="2006"
}

@ARTICLE{HiggsLimitTWiki,
  TITLE= "{Documentation of the RooStats-based statistics tools for Higgs PAG}",
  AUTHOR="CMS Higgs Combination Group",
  YEAR = "2011",
  volume = "https://twiki.cern.ch/twiki/bin/view/CMS/SWGuideHiggsAnalysisCombinedLimit",
}

@ARTICLE{FeldmanCousins,
  TITLE="{Unified approach to the classical statistical analysis of small signals}",
  AUTHOR="Feldman, G. J. and Cousins, R. D.",
  JOURNAL="Phys. Rev",
  VOLUME="\href{http://link.aps.org/doi/10.1103/PhysRevD.57.3873"}{D 57}",
  PAGES="3873-3889",
  YEAR="1998",
  DOI="10.1103/PhysRevD.57.3873"
}

@ARTICLE{CousinsHighland,
  TITLE="{Incorporating systematic uncertainties into an upper limit}",
  AUTHOR="Cousins, R. D. and Highland, V. L.",
  JOURNAL="Nucl. Instr. Meth",
  VOLUME="\href{http://www.sciencedirect.com/science/article/pii/0168900292907945}{A 320}",
  PAGES="331-335",
  YEAR="1992",
  DOI="doi:10.1016/0168-9002(92)90794-5"
}

@ARTICLE{CLs,
  TITLE="{Modified Frequentist Analysis of Search Results (The CLs Method)}",
  AUTHOR="Read, A. L.",
  JOURNAL="CERN OPEN",
  VOLUME="\href{http://www.sciencedirect.com/science/article/pii/0168900292907945}{2000-205}",
  YEAR="2000"
}


@ARTICLE{mistagnote,
  TITLE="{Mistag note reference should go here}"
}


@ARTICLE{TagandProbe,
  AUTHOR ="CMS Collaboration",
  TITLE="{Measurements of InclusiveWand Z Cross Sections in pp Collisions at $\sqrt{s}$ = 7 TeV}",
  JOURNAL ="JHEP",
  VOLUME = "1101",
  PAGES="080",
  YEAR="2011",
  DOI="10.1007/JHEP01(2011)080"
}

@ARTICLE{CMS-PAS-BTV-11-001,
      AUTHOR      = "{CMS Collaboration}",
      COLLABORATION = {CMS},
      TITLE       = "Performance of $b$-jet identification in CMS",
      JOURNAL     = "CMS Physics Analysis Summary",
      VOLUME      = "CMS-PAS-BTV-11-001",
      YEAR        = "2011"
}

@Article{MADGRAPH,
author=" Alwall, J. and Demin, P and de Visscher, S. and Frederix, R.  and  Herquet, M. and  Maltoni, F. and Plehn, T. and Rainwater, D.L. and Stelzer, T.",
title= "MadGraph/MadEvent v4: the new web generation",
journal="JHEP",
volume="09",
year="2007",
pages="028",
     eprint    = "0706.2334",
     archivePrefix = "arXiv",
doi="10.1088/1126-6708/2007/09/028"
}

% -----POWHEG %%
@ARTICLE{Nason:2004,
     AUTHOR       = "Nason, P.",
    collaboration = "",
     TITLE        = "A New Method for Combining NLO QCD with Shower Monte Carlo Algorithms ",
     JOURNAL      = "JHEP",
     VOLUME       = "11",
     YEAR         = "2004",
     PAGES        = "040",
     SLACcitation  = "arXiv:hep-ph/0409146",
     doi       = "10.1088/1126-6708/2004/11/040"
}

@ARTICLE{Frixione:2007,
     AUTHOR       = "Frixione, S. and Nason, P. and Oleari, C.",
    collaboration = "",
     TITLE        = "Matching NLO QCD Computations with Parton Shower Simulations: the POWHEG method",
     JOURNAL      = "JHEP",
     VOLUME       = "11",
     YEAR         = "2007",
     PAGES        = "070",
     SLACcitation  = "arXiv:0709.2092",
     doi       = "10.1088/1126-6708/2007/11/070"
}

@ARTICLE{Alioli:2008,
     AUTHOR       = "Alioli, S. and Nason, P. and Oleari, C. and Re, E.",
    collaboration = "",
     TITLE        = "NLO Vector-Boson Production Matched with Shower in POWHEG",
     JOURNAL      = "JHEP",
     VOLUME       = "07",
     YEAR         = "2008",
     PAGES        = "06",
     SLACcitation  = "arXiv:0805.4802",
     doi       = "10.1088/1126-6708/2008/07/060"
}

%%%%%%%%%%%%%%%%%%%%%

@article{LHCHiggsCrossSectionWorkingGroup:2011ti,
    author  = "{LHC Higgs Cross Section Working Group} and Dittmaier, S. and Mariotti, C. and Passarino, G. and Tanaka (Eds.), R.",
    title   = "{Handbook of LHC Higgs Cross Sections: 1. Inclusive Observables}",
    journal = "CERN-2011-002",
    year    = "CERN, Geneva, 2011",
    eprint  = "1101.0593",
    archivePrefix = "arXiv",
    primaryClass  = "hep-ph",
}

@article{LHCHiggsCrossSectionWorkingGroup:2012ti,
    author  = "{LHC Higgs Cross Section Working Group} and Dittmaier, S. and Mariotti, C. and Passarino, G. and Tanaka (Eds.), R.",
    title   = "{Handbook of LHC Higgs Cross Sections: 2. Differential Distributions}",
    journal = "CERN-2012-002",
    year    = "CERN, Geneva, 2012",
    eprint  = "1201.3084",
    archivePrefix = "arXiv",
    primaryClass  = "hep-ph",
}


@ARTICLE{AN-11-388,
    AUTHOR       = "Bolognesi, S. and Bonato, A. and Del Re, D. and Gritsan, A.V. and Manelli, M. and Mozer, M. and Pandolfi, F. and Tran, N.V and Whitbeck, A.",
     TITLE        = {Search for the standard model Higgs Boson in the decay channel $H\to ZZ\to 2\ell2q$ at CMS},
     YEAR = "2011",
     JOURNAL      = "CMS Note",
     VOLUME       = "CMS-AN-2011/388" 
}

@ARTICLE{sherparef,
     AUTHOR       = "Gleisbergand, T. and others",
     TITLE        = "Event generation with SHERPA 1.1",
     SLACcitation  = "arxiv: 0811.4622",
     doi       = "10.1088/1126-6708/2009/02/007"
}


@ARTICLE{FtCM-AN11-183,
    AUTHOR        = "Segala, M. and Gennadiy, K. and Meenakshi, M.",
     TITLE        = "Measurement of $b$-tagging efficiency in semi-leptonic decays of $t\bar{t}$ events using the Flavor-tag Consistency Method",
     YEAR         = "2011",
     JOURNAL      = "CMS Note",
     VOLUME       = "CMS-AN-2011/183" 
}

@TECHREPORT{CMS_AN_2006-027,
     AUTHOR       = "Belotelov, I. and Golutvin, I. and Bourilkov, D. and Lanyov, A. and Rogalev, E. and Savina, M. and Shmatov, S.",
     TITLE        = "Search for {ADD} extra dimensional gravity in di-muon channel with the {CMS} Detector",
     TYPE      = "CMS Note",
     NUMBER       = "2006/076",
     YEAR         = "2006"}



@article{EWKlimits,
        Author = "{The ALEPH, CDF, D0, DELPHI, L3, OPAL, SLD Collaborations, the LEP Electroweak Working Group, the Tevatron Electroweak Working Group, and the SLD Electroweak and Heavy Flavour Groups}",
        Title = "Precision Electroweak Measurements and Constraints on the Standard Model",
        Journal = "{\bf CERN-PH-EP}-2010-095",
        Year = "2010",
        Month = "December",
            Archiveprefix = "arXiv",
        Eprint = "1012.2367",
        Primaryclass = "hep-ex"
}



@Article{PTDR2,
     author    = "{CMS Collaboration}",
     title     = "{CMS} technical design report, volume {II}: {Physics}
                  performance",
     journal   = "J. Phys. G",
     volume    = "34",
     year      = "2007",
     pages     = "995-1579",
     doi       = "10.1088/0954-3899/34/6/S01",
     SLACcitation  = "%%CITATION = JPHGB,G34,995;%%"
}

@Article{ADDmodel1,
               author= "N.~Arkani-Hamed, S.~Dimopoulos, G.R.~Dvali",
               title= "The hierarchy problem and new dimensions at a millimeter",
               journal="Phys.~Lett.",
              volume="B429", 
              year="1998",
              pages="263-272",
              doi= "doi:10.1016/S0370-2693(98)00466-3",
              Archiveprefix = "arXiv",
              Eprint = "9803315",
              Primaryclass = "hep-ph"
}

@Article{ADDmodel2,
               author= "I. Antoniadis, N. Arkani-Hamed, S. Dimopoulos \etal",
               title= "New dimensions at a millimeter to a Fermi and superstrings at a \TeV",
               journal="Phys.~Lett.",
              volume="B436", 
              year="1998",
              pages="257-263",
              doi= "doi:10.1016/S0370-2693(98)00860-0",
              Archiveprefix = "arXiv",
              Eprint = "9804398",
              Primaryclass = "hep-ph"
}

@Article{RS1Graviton1,
               author= "L. Randall and R. Sundrum",
               title= "A large mass hierarchy from a small extra dimension",
               journal="Phys.~Rev.~Lett.",
              volume="83", 
              year="1999",
              pages="3370-3373",
              doi= "doi:10.1103/PhysRevLett.83.3370",
              Archiveprefix = "arXiv",
              Eprint = "9905221",
              Primaryclass = "hep-ph"
}

@Article{RS1Graviton2,
               author= "L. Randall and R. Sundrum",
               title= "An alternative to compactification",
               journal="Phys.~Rev.~Lett.",
              volume="83", 
              year="1999",
              pages="4690",
              doi= "doi:10.1103/PhysRevLett.83.4690",
              Archiveprefix = "arXiv",
              Eprint = "9906064",
              Primaryclass = "hep-th"
}

@Article{CDF:RS1Limit1,
               collaboration= "{CDF}",
               title= "Search for Randall-Sundrum Gravitons in the Diphoton Channel at CDF",
               journal="Phys.~Rev.",
              volume="D83", 
              year="2011",
              pages="011102",
              doi= "doi:10.1103/PhysRevD.83.011102",
              Archiveprefix = "arXiv",
              Eprint = "1012.2795",
              Primaryclass = "hep-ex"
}

@UNPUBLISHED{CDF:RS1Limit2,
               collaboration= "{CDF}",
               title= "Search for New Dielectron Resonances and Randall-Sundrum Gravitons at the Collider Detector at Fermilab",
               url=   "http://www-cdf.fnal.gov/physics/exotic/r2a/20110214.gravitonee/index.html",
               year=2011
}

@Article{D0:RS1Limit1,
               collaboration= "{D0}",
               title= "Search for Randall-Sundrum gravitons in the dielectron and
diphoton ﬁnal states with 5.4 \fbinv of data from ppbar collisions at $\sqrt{s}=1.96 \TeV$",
               journal="Phys.~Rev.~Lett.",
              volume="104", 
              year="2010",
              pages="241802",
              doi= "doi:10.1103/PhysRevLett.104.241802",
              Archiveprefix = "arXiv",
              Eprint = "1004.1826",
              Primaryclass = "hep-ex"
}


@UNPUBLISHED{CMS:RS1Limit1,
               collaboration= "{CMS}",
               title= "Search for Extra-dimensions in Diphoton Events",
               journal="Submitted to Phys.~Rev.~Lett.",
               preprint=CERN-PH-EP-2011-173,
               url="http://cdsweb.cern.ch/record/1376706",
               year=2011,
            Archiveprefix = "arXiv",
              Eprint = "1112.0688",
              Primaryclass = "hep-ex"
    }

@article{CMS:RS1Limit2,
         collaboration= "{CMS}",
               title= "Search for Resonances in the Dilepton Mass Distribution in pp Collisions at s√ = 7 TeV",
               journal="J.~High~Energy~Phys.",
              volume="05", 
              year="2011",
              pages="093",
                  Archiveprefix = "arXiv",
              Eprint = "1103.0981",
              Primaryclass = "hep-ex"
}



@UNPUBLISHED{ATLAS:RS1Limit1,
         collaboration= "{ATLAS}",
               title= "Search for Extra Dimensions using diphoton events in 7 TeV proton-proton collisions with the ATLAS detector",
               journal="Submitted to Phys.~Lett.~B",
               year="2011",
                           doi= "doi:10.1103/PhysRevLett.104.241802",
              Archiveprefix = "arXiv",
              Eprint = "1111.0080",
              Primaryclass = "hep-ex"
}
@article{ATLAS:RS1Limit2,
               collaboration= "{ATLAS}",
               title= "Search for dilepton resonances in pp collisions at $sqrt{s} = 7 \TeV$ with the ATLAS detector",
               journal="Phys.~Rev.~Lett.",
              volume="107", 
              year="2011",
              pages="272002",
              doi= "doi:10.1103/PhysRevLett.107.272002",
              Archiveprefix = "arXiv",
              Eprint = "1108.1582",
              Primaryclass = "hep-ex"
}

@article{RSGravAgashe1,
               author= "K.~Agashe and H.~Davoudiasl and G.~Perez and A.~Soni",
               title= "Warped Gravitons at the LHC and Beyond",
               journal="Phys.~Rev.",
              volume="D76", 
              year="2007",
              pages="036006",
              doi= "doi:10.1103/PhysRevD.76.036006",
              Archiveprefix = "arXiv",
              Eprint = "0701186",
              Primaryclass = "hep-ph"
}


@UNPUBLISHED{CDF:ZZsearch,
               collaboration= "{CDF}",
               title= "Search for high-mass resonances decaying into ZZ in p$\bar{p}$ collisions at $\sqrt{s}=1.96\,\TeV$",
               journal="Submitted to Phys.~Rev.~D",
              Archiveprefix = "arXiv",
              Eprint = "1111.3432",
              Primaryclass = "hep-ex"
}

@UNPUBLISHED{ATLAS:ZZsearch, 
             collaboration= "{ATLAS}", 
             title= "Search for new particles decaying to ZZ using final state with leptons and jets with the ATLAS detector in $\sqrt{s}=7~\TeV$ proton-proton collisions",
               journal="Submitted to Phys.~Lett.~B", 
              preprint=CERN-PH-EP-2012-026,
               Archiveprefix ="arXiv", 
              Eprint = "1203.0718", 
             Primaryclass = "hep-ex"
               }

@unpublished{HIG-11-027,
      AUTHOR      = "{CMS Collaboration}",
      COLLABORATION = {CMS},
      title= "Search for a Higgs boson in the decay channel $H \rightarrow ZZ(^{\star}) \rightarrow q \bar{q}l^{-}l^{+}$",
               journal="Accepted by JHEP",
             preprint=CERN-PH-EP-2012-028,
               url="https://cdsweb.cern.ch/record/1422383",
               year=2011,
            Archiveprefix = "arXiv",
              Eprint = "1202.1416",
              Primaryclass = "hep-ex"
}

@article{ExoSpin1,
               author= " V. Barger, Y. Gao, W.-Y. Keung",
               title= "T-Anomaly Induced LHC Signals",
               journal="Phys.~Lett.",
              volume="B655", 
              year="2007",
              pages="228",
              doi= "doi:10.1016/j.physletb.2007.08.090",
              Archiveprefix = "arXiv",
              Eprint = "0707.3648",
              Primaryclass = "hep-ph"
}

@article{ExoHiddenValley,
                author= "J. E. Juknevich and  D. Melnikov  and M. J. Strassler",
               title= "A Pure-Glue Hidden Valley. States and Decays",
               journal="J.~High~Energy~Phys.",
              volume="0907", 
              year="2009",
              pages="055",
              doi= "doi:10.1088/1126-6708/2009/07/055",
              Archiveprefix = "arXiv",
              Eprint = "0903.0883",
              Primaryclass = "hep-ph"
}

@article{EXO-11-081,
               collaboration="{CMS}",
               title= "",
              journal="{CMS-PAS-EXO-11-081}"
}

@article{EXO-11-095,
               collaboration="{CMS}",
               title= "",
              journal="{CMS-PAS-EXO-11-095}"
}

%SPIRES had this one as R. Adolphi, et. al. Wrong.
@Article{:2008zzk,
     author    = "Chatrchyan, S. and others",
     collaboration = "CMS",
     title     = "The {CMS} experiment at the {CERN} {LHC}",
     journal   = "JINST",
     volume    = "3",
     year      = "2008",
     pages     = "S08004",
     doi       = "10.1088/1748-0221/3/08/S08004",
     SLACcitation  = "%%CITATION = JINST,3,S08004;%%"
}
%
% An example of a document which only appears on arXiv
%

%
% A document hosted on a laboratory server
%
@TECHREPORT{Bertram:2000br,
  author = " Bertram, I. and Landsberg, G. and Linnemann, J. and Partridge, R. and Paterno, M. and Prosper, H.B.",
  title =  "A Recipe for the construction of confidence limits",
  institution = "Fermilab",
  number     = "{TM-2104}",
  url = "http://lss.fnal.gov/archive/test-tm/2000/fermilab-tm-2104.pdf",
  year = "2000"
 }
%
% A CMS paper submitted but not yet accepted; The SLACcitation is not necessary. This one is now accepted rather than submitted, however.
%
@Unpublished{Khachatryan:2010mp,
     author    = "{CMS Collaboration}",
     collaboration = "CMS",
     title     = "Search for Pair Production of First-Generation Scalar Leptoquarks in pp Collisions at $\sqrt{s} = 7$ {TeV}",
     note  = "Submitted to \textit{Phys. Rev. Lett.}",
     eprint    = "1012.4031",
     archivePrefix = "arXiv",
     primaryClass  =  "hep-ex",
     year = "2010",
     SLACcitation  = "%%CITATION = 1012.4031;%%"
}
@INPROCEEDINGS{punzi,
  AUTHOR       = "Punzi, G.",
  TITLE        = "Sensitivity of searches for new signals and its optimization",
  BOOKTITLE = "proceedings to PhyStat 2003 Conference, Stanford, Ca, USA, September 2003, PSN MODT002",
  URL          = "http://arxiv.org/abs/physics/0308063",
  eprint = "physics/0308063v2",
  primaryClass = "physics.data-an"
}

@article{arXiv:1001-3396,
      author         = "Gao, Yanyan and Gritsan, Andrei V. and Guo, Zijin and
                        Melnikov, Kirill and Schulze, Markus and others",
      title          = "{Spin determination of single-produced resonances at
                        hadron colliders}",
      journal        = "Phys.Rev.",
      volume         = "D81",
      pages          = "075022",
      doi            = "10.1103/PhysRevD.81.075022",
      year           = "2010",
      eprint         = "1001.3396",
      archivePrefix  = "arXiv",
      primaryClass   = "hep-ph",
      reportNumber   = "FERMILAB-PUB-10-011-E",
      SLACcitation   = "%%CITATION = ARXIV:1001.3396;%%",
}
@article{DeRujula:2010ys,
      author         = "De Rujula, A. and Lykken, Joseph and Pierini, Maurizio
                        and Rogan, Christopher and Spiropulu, Maria",
      title          = "{Higgs look-alikes at the LHC}",
      journal        = "Phys.Rev.",
      volume         = "D82",
      pages          = "013003",
      doi            = "10.1103/PhysRevD.82.013003",
      year           = "2010",
      eprint         = "1001.5300",
      archivePrefix  = "arXiv",
      primaryClass   = "hep-ph",
      reportNumber   = "FERMILAB-PUB-10-019-T, CALT-68-2772",
      SLACcitation   = "%%CITATION = ARXIV:1001.5300;%%",
}
@TECHREPORT{CMS-AN-2010-351,
      AUTHOR      = "{A.~Bonato, A.V.~Gritsan, Z.J.~Guo, N.V.~Tran, A. Whitbeck}",
      COLLABORATION = {CMS},
      TITLE       = "Angular Analysis of Resonances $pp\to X\to ZZ$",
      TYPE     = "CMS Analysis Note",
      NUMBER      = "CMS-AN-2010-351",
      YEAR        = "2010"
}
@article{arXiv:1001.3396,
      author         = "Gao, Yanyan and Gritsan, Andrei V. and Guo, Zijin and
                        Melnikov, Kirill and Schulze, Markus and others",
      title          = "{Spin determination of single-produced resonances at
                        hadron colliders}",
      journal        = "Phys.Rev.",
      volume         = "D81",
      pages          = "075022",
      doi            = "10.1103/PhysRevD.81.075022",
      year           = "2010",
      eprint         = "1001.3396",
      archivePrefix  = "arXiv",
      primaryClass   = "hep-ph",
      reportNumber   = "FERMILAB-PUB-10-011-E",
      SLACcitation   = "%%CITATION = ARXIV:1001.3396;%%",
}

@TECHREPORT{2l2qskim,
     AUTHOR       = "{CMS}",
     TITLE        = "https://twiki.cern.ch/twiki/bin/view/CMS/HiggsZZ2l2q2012Skims",
     URL = "https://twiki.cern.ch/twiki/bin/view/CMS/HiggsZZ2l2q2012Skims",
     TYPE      = "twiki",
     YEAR         = "2012"
}

@TECHREPORT{sm_sigma,
     AUTHOR       = "{CMS}",
     TITLE        = "https://twiki.cern.ch/twiki/bin/viewauth/CMS/StandardModelCrossSectionsat8TeV",
     URL = "https://twiki.cern.ch/twiki/bin/viewauth/CMS/StandardModelCrossSectionsat8TeV",
     TYPE      = "twiki",
     YEAR         = "2012"
}

@TECHREPORT{ref:electronid,
     AUTHOR       = "{CMS}",
     TITLE        = "https://twiki.cern.ch/twiki/bin/view/CMS/EgammaCutBasedIdentification",
     URL = "https://twiki.cern.ch/twiki/bin/view/CMS/EgammaCutBasedIdentification",
     TYPE      = "twiki",
     YEAR         = "2012"
}

@TECHREPORT{ref:muonid,
     AUTHOR       = "{CMS}",
     TITLE        = "https://twiki.cern.ch/twiki/bin/view/CMSPublic/SWGuideMuonId",
     URL = "https://twiki.cern.ch/twiki/bin/view/CMSPublic/SWGuideMuonId",
     TYPE      = "twiki",
     YEAR         = "2012"
}

@TECHREPORT{CMS-BTV-10-001,
      AUTHOR      = "{CMS Collaboration}",
      COLLABORATION = {CMS},
      TITLE       = "Commissioning of b-jet identification with pp collisions at $\sqrt{s} = 7$ TeV",
      TYPE     = "CMS Physics Analysis Summary",
      NUMBER      = "CMS-PAS-BTV-10-001",
      YEAR        = "2010"
}
@TECHREPORT{CMS-BTV-11-004,
      AUTHOR      = "{CMS Collaboration}",
      COLLABORATION = {CMS},
      TITLE       = "b-Jet Identification in the CMS Experiment",
      TYPE     = "CMS Physics Analysis Summary",
      NUMBER      = "CMS-PAS-BTV-11-004",
      YEAR        = "2011",
               url="http://cdsweb.cern.ch/record/1427247",
}

@TECHREPORT{CMS-PAS-PFT-10-002,
      AUTHOR      = "{CMS Collaboration}",
      COLLABORATION = {CMS},
      TITLE       = {"Commissioning of the Particle-Flow Reconstruction in Minimum-Bias and Jet Events from pp Collisions at 7 TeV"},
      TYPE     = "CMS Physics Analysis Summary",
      NUMBER      = "CMS-PAS-PFT-10-002",
      YEAR        = "2010"
}


@TECHREPORT{CMS-AN-2011-388,
      AUTHOR      = "{ S.~Bolognesi, A.~Bonato, D.~Del Re, A.V.~Gritsan, M. Mannelli, M. Mozer, F.~Pandolfi, N.V.~Tran, A. Whitbeck}",
      COLLABORATION = {CMS},
      TITLE       = "Search for a SM Higgs or BSM Boson \\ $H\to ZZ^{(*)}\to (q\bar{q})(\ell^-\ell^+)$",
      TYPE     = "CMS Analysis Note",
      NUMBER      = "CMS-AN-2011-388",
      YEAR        = "2011"
}
@article{ref:sherpa,
      author         = "Gleisberg, T. and Hoeche, Stefan. and Krauss, F. and
                        Schonherr, M. and Schumann, S. and others",
      title          = "{Event generation with SHERPA 1.1}",
      journal        = "JHEP",
      volume         = "0902",
      pages          = "007",
      doi            = "10.1088/1126-6708/2009/02/007",
      year           = "2009",
      eprint         = "0811.4622",
      archivePrefix  = "arXiv",
      primaryClass   = "hep-ph",
      reportNumber   = "FERMILAB-PUB-08-477-T, SLAC-PUB-13420, ZU-TH-17-08,
                        DCPT-08-138, IPPP-08-69, EDINBURGH-2008-30, MCNET-08-14",
      SLACcitation   = "%%CITATION = ARXIV:0811.4622;%%",
}

@article{ref:GravWidth,
      author         = "{J. Bijnens et al.}",
      title          = "{QCD signatures of narrow graviton resonances in hadron colliders}",
      journal        = "Phys.~Lett.",
      volume         = "B503",
      pages          = "341-348",
      doi            = "10.1016/S0370-2693(01)00238-6",
      year           = "2001",
      eprint         = "0101316",
      archivePrefix  = "arXiv",
      primaryClass   = "hep-ph",
 }


@TECHREPORT{CMS-AN-2011-125,
      AUTHOR      = "{ L. Borrello, D. Bortoletto, R. Castello, G. Codispoti, A. De Cosa, F. Fabozzi, J.P. Fernandez, J. Fernandez de Troconiz, P. Garcia-Abia, O. Gonzalez, J. Hernandez, M. Kress, L. Lista, M. Narain, M. Segala, M. Soares, M. Vidal}",
      COLLABORATION = {CMS},
      TITLE       = "Search for the Standard Model Higgs boson in the decay channel H ZZ 2l2b",
      TYPE     = "CMS Analysis Note",
      NUMBER      = "CMS-AN-2011-125",
      YEAR        = "2011"
}
@TECHREPORT{CMS-AN-2011-399,
      AUTHOR      = "{ L. Borrello et al.}",
      COLLABORATION = {CMS},
      TITLE       = {"Search for the Standard Model Higgs Boson in the Decay Channel $H\to ZZ\to 2l2b$"},
      TYPE     = "CMS Analysis Note",
      NUMBER      = "CMS-AN-2011-399",
      YEAR        = "2011"
}
@TECHREPORT{hlt,
      AUTHOR      = "{ CMS Collaboration}",
      COLLABORATION = {CMS},
      TITLE       = {"Trigger strategies for Higgs searches in 2011"},
      TYPE     = "CMS Analysis Note",
      NUMBER      = "CMS-AN-2011-065",
      YEAR        = "2011"
}
@article{antikt,
      author         = "Cacciari, Matteo and Salam, Gavin P. and Soyez, Gregory",
      title          = "{The Anti-k(t) jet clustering algorithm}",
      journal        = "JHEP",
      volume         = "0804",
      pages          = "063",
      doi            = "10.1088/1126-6708/2008/04/063",
      year           = "2008",
      eprint         = "0802.1189",
      archivePrefix  = "arXiv",
      primaryClass   = "hep-ph",
      reportNumber   = "LPTHE-07-03",
      SLACcitation   = "%%CITATION = ARXIV:0802.1189;%%",
}
@TECHREPORT{CMS-PAS-JME-10-010,
      AUTHOR      = "{CMS Collaboration}",
      COLLABORATION = {CMS},
      TITLE       = {Jet Energy Corrections determination at 7 TeV},
      TYPE     = "CMS Physics Analysis Summary",
      NUMBER      = "CMS-PAS-JME-10-010",
      YEAR        = "2010"
}
@Article{pdg,
     author    = "Nakamura, K. and others",
 collaboration = "Particle Data Group",
     title     = "{Review of particle physics}",
     journal   = "J. Phys.",
     volume    = "G37",
     year      = "2010",
     pages     = "075021",
     doi       = "10.1088/0954-3899/37/7A/075021",
     SLACcitation  = "%%CITATION = JPHGB,G37,075021;%%"
}
@article{support,
      author         = "Gao, Yanyan and Gritsan, Andrei V. and Guo, Zijin and
                        Melnikov, Kirill and Schulze, Markus and others",
      title          = "{Spin determination of single-produced resonances at
                        hadron colliders}",
      journal        = "Phys.Rev.",
      volume         = "D81",
      pages          = "075022",
      doi            = "10.1103/PhysRevD.81.075022",
      year           = "2010",
      eprint         = "1001.3396",
      archivePrefix  = "arXiv",
      primaryClass   = "hep-ph",
      reportNumber   = "FERMILAB-PUB-10-011-E",
      SLACcitation   = "%%CITATION = ARXIV:1001.3396;%%",
}
@Article{pythia,
     author    = "{T. Sj\"ostrand, S. Mrennan and P. Z. Skands}",
     title     = "{PYTHIA 6.4 Physics and Manual}",
     journal   = "JHEP",
     volume    = "05",
     year      = "2006",
     pages     = "026",
     eprint    = "hep-ph/0603175",
     archivePrefix = "arXiv",
     doi="10.1088/1126-6708/2006/05/026"
}
@TECHREPORT{HIG-11-032,
      AUTHOR      = "{CMS Collaboration}",
      COLLABORATION = {CMS},
      TITLE       = {"Combined results of searches for the standard model Higgs boson in pp collisions at $\sqrt{s} = 7 \TeV$"},
      TYPE     = "CMS Physics Analysis Summary",
      NUMBER      = "CMS-PAS-HIG-11-032",
      YEAR        = "2011",
      journal="Submitted to Phys.~Lett.~B",
      eprint         = "1202.1488",
      archivePrefix  = "arXiv",
      primaryClass   = "hep-ex",
      preprint="CERN-PH-EP-2012-023",
      url="https://twiki.cern.ch/twiki/bin/viewauth/CMS/HiggsWG/HiggsCombination" 
}

@article{AsymptCLs,
         AUTHOR = "{G.~Cowan, K.~Cranmer, E.~Gross, O.~Vitells}",
         TITLE  = "Asymptotic formula for likelihood based tests of new physics",
         journal = "Eur.~Phys.~J.",
         volume = "C71",
         year = "2011",
         pages = "1554",
         eprint    = "physics/1007.1727v2"
}

@INPROCEEDINGS{Bayes,
  AUTHOR       = "A. O'Hagan and J.J. Forster",
  TITLE        = "Bayesian Inference",
  BOOKTITLE = "Bayesian Inference",
  YEAR         = "2004",
  PUBLISHER = "Arnold, London",
  NOTE = "",
}
@Article{LEP-CLs,
     author    = "Read, Alexander L.",
     title     = "{Presentation of search results: The CL(s) technique}",
     journal   = "J. Phys.",
     volume    = "G28",
     year      = "2002",
     pages     = "2693-2704",
     doi       = "10.1088/0954-3899/28/10/313",
     SLACcitation  = "%%CITATION = JPHGB,G28,2693;%%"
}
@TECHREPORT{QG,
      AUTHOR      = "A. Marini and F. Pandolfi and D. del Re and M. Voutilainen",
      COLLABORATION = {CMS},
      TITLE       = "{Quark-Gluon Jet Discrimination through Particle Flow Jet Structure}",
      TYPE     = "CMS Analysis Note",
      NUMBER      = "CMS-AN-2011-215",
      YEAR        = "2011"
}
@article{cteq,
      author         = "Lai, Hung-Liang and Guzzi, Marco and Huston, Joey and Li,
                        Zhao and Nadolsky, Pavel M. and others",
      title          = "{New parton distributions for collider physics}",
      journal        = "Phys.Rev.",
      volume         = "D82",
      pages          = "074024",
      doi            = "10.1103/PhysRevD.82.074024",
      year           = "2010",
      eprint         = "1007.2241",
      archivePrefix  = "arXiv",
      primaryClass   = "hep-ph",
      reportNumber   = "MSUHEP-100707, SMU-HEP-10-10",
      SLACcitation   = "%%CITATION = ARXIV:1007.2241;%%",
}
@article{MSTW,
      author         = "Martin, A.D. and Stirling, W.J. and Thorne, R.S. and
                        Watt, G.",
      title          = "{Parton distributions for the LHC}",
      journal        = "Eur.Phys.J.",
      volume         = "C63",
      pages          = "189-285",
      doi            = "10.1140/epjc/s10052-009-1072-5",
      year           = "2009",
      eprint         = "0901.0002",
      archivePrefix  = "arXiv",
      primaryClass   = "hep-ph",
      reportNumber   = "IPPP-08-95, DCPT-08-190, CAVENDISH-HEP-08-16",
      SLACcitation   = "%%CITATION = ARXIV:0901.0002;%%",
}
@article{NNPDF,
      author         = "Ball, Richard D. and Bertone, Valerio and Cerutti,
                        Francesco and Del Debbio, Luigi and Forte, Stefano and
                        others",
      title          = "{Impact of Heavy Quark Masses on Parton Distributions and
                        LHC Phenomenology}",
      journal        = "Nucl.Phys.",
      volume         = "B849",
      pages          = "296-363",
      doi            = "10.1016/j.nuclphysb.2011.03.021",
      year           = "2011",
      eprint         = "1101.1300",
      archivePrefix  = "arXiv",
      primaryClass   = "hep-ph",
      reportNumber   = "EDINBURGH-2011-01, IFUM-969-FT, FR-PHENO-2010-043,
                        RWTH-TTK-11-02",
      SLACcitation   = "%%CITATION = ARXIV:1101.1300;%%",
}
@TECHREPORT{jetsyst,
      AUTHOR      = "M. Voutilainen  {\it et al.}",
      COLLABORATION = {CMS},
      TITLE       = "{Absolute jet energy correction uncertainty}",
      TYPE     = "CMS Analysis Note",
      NUMBER      = "CMS-AN-2010-304",
      YEAR        = "2010"
}
@TECHREPORT{jetsyst2,
      AUTHOR      = "{CMS Collaboration}",
      COLLABORATION = {CMS},
      TITLE       = {"Jet Energy Resolution in CMS at $\sqrt{s} = 7$ TeV"},
      TYPE     = "CMS Physics Analysis Summary",
      NUMBER      = "CMS-PAS-JME-10-014",
      YEAR        = "2010"
}

@TECHREPORT{pileup,
     AUTHOR       = "{CMS}",
     TITLE        = "Pileup Studies",
     URL       = "https://twiki.cern.ch/twiki/bin/viewauth/CMS/PileupInformation",
     TYPE      = "twiki",
     YEAR         = "2012"
     }

@TECHREPORT{pileuptwo,
     AUTHOR       = "{Michael Hildreth}",
     TITLE        = "Pileup Scenarios",
     URL       = "https://twiki.cern.ch/twiki/bin/view/CMS/Pileup_MC_Gen_Scenarios",
     TYPE      = "twiki",
     YEAR         = "2012"
     }

@TECHREPORT{pileupsys,
     AUTHOR       = "{Michael Hildreth}",
     TITLE        = "Estimating Systematic Errors Due to Pileup Modeling",
     URL       = "https://twiki.cern.ch/twiki/bin/view/CMS/PileupSystematicErrors",
     TYPE      = "twiki",
     YEAR         = "2012"

     }
@article{Chatrchyan:2012sn,
      author         = "Chatrchyan, Serguei and others",
      title          = "{Search for a Higgs boson in the decay channel H to ZZ(*)
                        to q qbar l-l+ in pp collisions at sqrt(s) = 7 TeV}",
      collaboration  = "CMS Collaboration",
      journal        = "JHEP",
      volume         = "1204",
      pages          = "036",
      doi            = "10.1007/JHEP04(2012)036",
      year           = "2012",
      eprint         = "1202.1416",
      archivePrefix  = "arXiv",
      primaryClass   = "hep-ex",
      reportNumber   = "CMS-HIG-11-027, CERN-PH-EP-2012-028",
      SLACcitation   = "%%CITATION = ARXIV:1202.1416;%%",
}
@article{:2012gu,
      author         = "Chatrchyan, Serguei and others",
      title          = "{Observation of a new boson at a mass of 125 GeV with the
                        CMS experiment at the LHC}",
      collaboration  = "CMS Collaboration",
      journal        = "Phys.Lett.",
      volume         = "B716",
      pages          = "30-61",
      doi            = "10.1016/j.physletb.2012.08.021",
      year           = "2012",
      eprint         = "1207.7235",
      archivePrefix  = "arXiv",
      primaryClass   = "hep-ex",
      reportNumber   = "CMS-HIG-12-028, CERN-PH-EP-2012-220",
      SLACcitation   = "%%CITATION = ARXIV:1207.7235;%%",
}
@article{:2012gk,
      author         = "Aad, Georges and others",
      title          = "{Observation of a new particle in the search for the
                        Standard Model Higgs boson with the ATLAS detector at the
                        LHC}",
      collaboration  = "ATLAS Collaboration",
      journal        = "Phys.Lett.",
      volume         = "B716",
      pages          = "1-29",
      doi            = "10.1016/j.physletb.2012.08.020",
      year           = "2012",
      eprint         = "1207.7214",
      archivePrefix  = "arXiv",
      primaryClass   = "hep-ex",
      reportNumber   = "CERN-PH-EP-2012-218",
      SLACcitation   = "%%CITATION = ARXIV:1207.7214;%%",
}
%highMass citations
@article{Goria:2011wa,
      author         = "Goria, Stefano and Passarino, Giampiero and Rosco, Dario",
      title          = "{The Higgs Boson Lineshape}",
      journal        = "Nucl.Phys.",
      volume         = "B864",
      pages          = "530-579",
      doi            = "10.1016/j.nuclphysb.2012.07.006",
      year           = "2012",
      eprint         = "1112.5517",
      archivePrefix  = "arXiv",
      primaryClass   = "hep-ph",
      SLACcitation   = "%%CITATION = ARXIV:1112.5517;%%",
}
@article{Passarino:2012ri,
      author         = "Passarino, Giampiero",
      title          = "{Higgs Interference Effects in $\Pg \Pg \to \PZ\PZ$ and
                        their Uncertainty}",
      journal        = "JHEP",
      volume         = "1208",
      pages          = "146",
      doi            = "10.1007/JHEP08(2012)146",
      year           = "2012",
      eprint         = "1206.3824",
      archivePrefix  = "arXiv",
      primaryClass   = "hep-ph",
      SLACcitation   = "%%CITATION = ARXIV:1206.3824;%%",
}
%
@webpage{LHC-HCS,
        Date-Added = {2011-10-15 00:59:45 -0400},
        Date-Modified = {2011-10-15 01:01:59 -0400},
        Title = {{LHC Higgs Cross Section Working Group web page}},
        Url = {{\sl https://twiki.cern.ch/twiki/bin/view/LHCPhysics/}},
        Bdsk-Url-1 = {%7B%5Csl%20https://twiki.cern.ch/twiki/bin/view/LHCPhysics/%7D}}
@TECHREPORT{4l,
     AUTHOR       = "CMS Collaboration",
     TITLE        = "Discovery of a new boson in the search for the standard model Higgs boson in the HZZ2l channel in pp collisions at sqrts=7 and 8 TeV",
     TYPE      = "CMS Note",
     NUMBER       = "2012/367",
     YEAR         = "2012"}

@ARTICLE{ComputingProduction2014,
  author = {},
  title = {{CMS Computing Production}},
  journal = {http://cmsdoc.cern.ch/cms/production/www/html/general/},
  year = {2014},
}

@ARTICLE{FastJet,
  author = {},
  title = {{FastJet Algorithm}},
  journal = {https://twiki.cern.ch/twiki/bin/view/CMSPublic/WorkBookJetEnergyCorrections},
  year = {2014},
}

@ARTICLE{Dawson98,
  author = {S. Dawson},
  title = {{Introduction to electroweak symmetry breaking}},
  journal = {arXiv:9901280},
  year = {1998},
}


%@ARTICLE{CrystalBall,
%  author = {},
%  title = {{The Crystal Ball Function}},
%  journal = {http://en.wikipedia.org/wiki/CrystalBallfunction},
%  year = {2014},
%}



@ARTICLE{Eyeonaprize2011,
  author = {Luis Álvarez-Gaumé and John Ellis},
  title = {{Eyes on a prize particle}},
  journal = {Nature Physics},
  year = {2011},
  volume = {7},
  pages = {2-3},
  doi = {10.1038/nphys1874},
}



@ARTICLE{Englert1964,
  author = {F. Englert and R. Brout},
  title = {{Broken Symmetry and the Mass of Guage Vector Mesons}},
  journal = {Phys.Rev.Lett.},
  year = {1964},
  volume = {},
  pages = {13:321-322},
  doi = {},
}

@ARTICLE{Ridolfi2001,
  author = {G. Ridolfi},
  title = {{Search for the Higgs boson: theoretical perspectives}},
  journal = {},
  year = {2001},
  volume = {arXiv:hep-ph/0106300},
  pages = {},
  doi = {},
}

@article{ALEPH:2010aa,
  added-at = {2012-05-15T12:05:04.000+0200},
  archiveprefix = {arXiv},
  author = {{ALEPH Collaboration, CDF Collaboration, D0 Collaboration, DELPHI Collaboration, L3 Collaboration, OPAL Collaboration, SLD Collaboration, LEP Electroweak Working Group, Tevatron Electroweak Working Group, SLD Electroweak and Heavy Flavour Groups}},
  biburl = {http://www.bibsonomy.org/bibtex/2c75183dab6b7f4d97d06b9913645e445/clange},
  collaboration = {ALEPH Collaboration, CDF Collaboration, D0 Collaboration,
                        DELPHI Collaboration, L3 Collaboration, OPAL
                        Collaboration, SLD Collaboration, LEP Electroweak Working
                        Group, Tevatron Electroweak Working Group, SLD Electroweak
                        and Heavy Flavour Groups},
  description = {Precision Electroweak Measurements and Constraints on the Standard Model - INSPIRE-HEP},
  eprint = {1012.2367},
  interhash = {52378e283fbb3fcb85de0e65406a808b},
  intrahash = {c75183dab6b7f4d97d06b9913645e445},
  key = 880855,
  keywords = {sys:relevantfor:atlas_top electroweak precision},
  note = {18 pages},
  primaryclass = {hep-ex},
  reportnumber = {CERN-PH-EP-2010-095, FERMILAB-TM-2480-PPD,
                        LEPEWWG-2010-01, TEVEWWG-2010-01,
                        ALEPH-2010-001-PHYSICS-2010-001, CDF-NOTE-10338,
                        D0-NOTE-6130, DELPHI-DELPHI-2010-001-PHYS-952,
                        L3-NOTE-2837, OPAL-PR432, SLAC-PUB-14301},
  slaccitation = {%%CITATION = ARXIV:1012.2367;%%},
  timestamp = {2012-05-15T12:05:04.000+0200},
  title = {{Precision Electroweak Measurements and Constraints on
                        the Standard Model}},
  url = {http://inspirehep.net/record/880855/export/hx},
  year = 2010
}

@article{Barate:2003sz,
      author         = "Barate, R. and others",
      title          = "{Search for the standard model Higgs boson at LEP}",
      collaboration  = "LEP Working Group for Higgs boson searches, ALEPH
                        Collaboration, DELPHI Collaboration, L3 Collaboration,
                        OPAL Collaboration",
      journal        = "Phys.Lett.",
      volume         = "B565",
      pages          = "61-75",
      doi            = "10.1016/S0370-2693(03)00614-2",
      year           = "2003",
      eprint         = "hep-ex/0306033",
      archivePrefix  = "arXiv",
      primaryClass   = "hep-ex",
      reportNumber   = "CERN-EP-2003-011",
      SLACcitation   = "%%CITATION = HEP-EX/0306033;%%",
}

@article{CDFandD0:2011aa,
      key            = "920558",
      title          = "{Combined CDF and D0 Upper Limits on Standard Model Higgs
                        Boson Production with up to 8.6 fb$^{-1}$ of Data}",
      collaboration  = "TEVNPH (Tevatron New Phenomina and Higgs Working Group),
                        CDF Collaboration, D0 Collaboration",
      year           = "2011",
      eprint         = "1107.5518",
      archivePrefix  = "arXiv",
      primaryClass   = "hep-ex",
      reportNumber   = "FERMILAB-CONF-11-354-E",
      SLACcitation   = "%%CITATION = ARXIV:1107.5518;%%",
}
@article{Flacher:2008zq,
      author         = "Flacher, Henning and Goebel, Martin and Haller, Johannes
                        and Hocker, Andreas and Monig, Klaus and others",
      title          = "{Revisiting the Global Electroweak Fit of the Standard
                        Model and Beyond with Gfitter}",
      journal        = "Eur.Phys.J.",
      volume         = "C60",
      pages          = "543-583",
      doi            = "10.1140/epjc/s10052-009-0966-6,
                        10.1140/epjc/s10052-011-1718-y",
      year           = "2009",
      eprint         = "0811.0009",
      archivePrefix  = "arXiv",
      primaryClass   = "hep-ph",
      reportNumber   = "CERN-OPEN-2008-024, DESY-08-160",
      SLACcitation   = "%%CITATION = ARXIV:0811.0009;%%",
}

@article{1748-0221-3-08-S08001,
  author={Lyndon Evans and Philip Bryant},
  title={LHC Machine},
  journal={Journal of Instrumentation},
  volume={3},
  number={08},
  pages={S08001},
  url={http://stacks.iop.org/1748-0221/3/i=08/a=S08001},
  year={2008},
  abstract={The Large Hadron Collider (LHC) at CERN near Geneva is the world's newest and most powerful tool for Particle Physics research. It is designed to collide proton beams with a centre-of-mass energy of 14 TeV and an unprecedented luminosity of 10 34 cm −2 s −1 . It can also collide heavy (Pb) ions with an energy of 2.8 TeV per nucleon and a peak luminosity of 10 27 cm −2 s −1 . In this paper, the machine design is described.}
}

@ONLINE{Egede_Feynman_Higgs,
author = {Ulrik Egede},
title = {Higgs Production},
month = {Aug},
year = {2013},
url = {http://www.hep.lu.se/atlas/thesis/egede/thesis-node10.html}
}

@ONLINE{LHC_Higgs_Gallery,
author = {LHC Higgs Cross Section Working Group},
title = {LHC Higgs Cross Section WG Picture Gallery},
month = {Aug},
year = {2013},
url = {https://twiki.cern.ch/twiki/bin/view/LHCPhysics/CrossSectionsFigures}
}

@ONLINE{CERN_complex,
author = {},
title = {CERN Accelerator Complex},
month = {May},
year = {2011},
url = {http://commons.wikimedia.org/wiki/File:Cern-accelerator-complex.svg}
}

@article{Campbell:2006wx,
      author         = "Campbell, John M. and Huston, J.W. and Stirling, W.J.",
      title          = "{Hard Interactions of Quarks and Gluons: A Primer for LHC
                        Physics}",
      journal        = "Rept.Prog.Phys.",
      volume         = "70",
      pages          = "89",
      doi            = "10.1088/0034-4885/70/1/R02",
      year           = "2007",
      eprint         = "hep-ph/0611148",
      archivePrefix  = "arXiv",
      primaryClass   = "hep-ph",
      SLACcitation   = "%%CITATION = HEP-PH/0611148;%%",
}

@article{ATLAS_image,
author = {},
title = {ATLAS},
month = {},
year = {2013},
volume = {http://www-zeus.physik.uni-bonn.de/atlas.php?lang=en}
}


@article{ALICE_image,
author = {},
title = {ALICE},
month = {},
year = {2013},
volume = {http://cerncourier.com/cws/article/cern/35879}
}

@article{CMS_image,
author = {},
title = {CMS},
month = {},
year = {2013},
volume = {http://www.gridpp.ac.uk/pics/stand2004/cms\_2.jpg}
}

@article{lhcb_image,
author = {},
title = {LHCb},
month = {},
year = {2013},
volume = {http://science.portalhispanos.com/wordpress/2011/08/30/lhcb-mide-de-forma-precisa-la-oscilacion-materia-antimateria-de-los-mesones-b/}
}


@article{lhc_lumi_plots,
author = {LHC},
title = {LHC Programme Coordination},
month = {10},
year = {2013},
volume = {http://lpc.web.cern.ch/lpc/}
}


@article{cms_lumi_plots,
author = {CMS},
title = {CMS Luminosity Public Results},
month = {10},
year = {2013},
volume = {https://twiki.cern.ch/twiki/bin/view/CMSPublic/LumiPublicResults}
}


@book{Bayatian:922757,
      author       = "Bayatian, G L ",
      title        = "CMS Physics: Technical Design Report",
      publisher    = "CERN",
      address      = "Geneva",
      series       = "Technical Design Report CMS",
      year         = "2006",
}



@MISC{Pandolfi_talk,
  author = {Pandolfi, Francesco},
  title = {Search for a Standard Model Higgs Boson in the Decay Channel H to ZZ to llqq at the CMS Experiment},
  year = {2011},
  month = {06},
  note = {Slides of a talk given at Seminario sul Progetto di Tesi, 11.06.10}
}

@ARTICLE{Magnet_CMS,
  author = {CMS Collaboration},
  title = {{The Magnet Project: Technical Design Report.}},
  journal = {CERN/LHCC},
  year = {1997},
  volume = {97},
  pages = {10},
  doi = {},
}

@ONLINE{cms_solenoid_magnet,
author = {Newsline},
title = {CMS solenoid magnet},
month = {05},
year = {2011},
url = {http://newsline.linearcollider.org/2011/05/05/one-hundred-years-of-superconductivity/cms-solenoid-magnet/}
}

@ARTICLE{cms_trakcer_project,
  author = {CMS Collaboration},
  title = {{The Tracker Project: Technical Design Report}},
  journal = {CERN/LHCC},
  year = {1998},
  volume = {98},
  pages = {10},
  doi = {},
}

@ARTICLE{Sprenger2010,
  author = {Sprenger, D. et al.},
  title = {{Validation of Kalman Filter alignment algorithm with cosmic-ray data using a CMS silicon strip tracker endcap}},
  journal = {JINST},
  year = {2010},
  volume = {5},
  pages = {},
  doi = {10.1088/1748-0221/5/06/P06007},
}]

@ARTICLE{2010JInst...5.6007S,
   author = {{Sprenger}, D. and {Weber}, M. and {Adolphi}, R. and {Brauer}, R. and 
	{Feld}, L. and {Klein}, K. and {Ostapchuk}, A. and {Schael}, S. and 
	{Wittmer}, B.},
    title = "{Validation of Kalman Filter alignment algorithm with cosmic-ray data using a CMS silicon strip tracker endcap}",
  journal = {Journal of Instrumentation},
archivePrefix = "arXiv",
   eprint = {1003.5460},
 primaryClass = "physics.ins-det",
     year = 2010,
    month = jun,
   volume = 5,
    pages = {6007},
      doi = {10.1088/1748-0221/5/06/P06007},
   adsurl = {http://adsabs.harvard.edu/abs/2010JInst...5.6007S},
  adsnote = {Provided by the SAO/NASA Astrophysics Data System}
}


@ARTICLE{ECAL_report,
  author = {CMS Collaboration},
  title = {{The Electromagnetic Calorimeter Project: Technical
Design Report}},
  journal = {CERN/LHCC},
  year = {1997},
  volume = {97},
  pages = {33},
  doi = {},
}

@ARTICLE{HCAL_report,
  author = {CMS Collaboration},
  title = {{The Hadron Calorimeter Project: Technical
Design Report}},
  journal = {CERN/LHCC},
  year = {1997},
  volume = {97},
  pages = {31},
  doi = {},
}


@article{Chatrchyan:2009hw,
      author         = "Chatrchyan, S and others",
      title          = "{Performance of CMS Hadron Calorimeter Timing and
                        Synchronization using Test Beam, Cosmic Ray, and LHC Beam
                        Data}",
      collaboration  = "CMS Collaboration",
      journal        = "JINST",
      volume         = "5",
      pages          = "T03013",
      doi            = "10.1088/1748-0221/5/03/T03013",
      year           = "2010",
      eprint         = "0911.4877",
      archivePrefix  = "arXiv",
      primaryClass   = "physics.ins-det",
      reportNumber   = "CMS-CFT-09-018",
      SLACcitation   = "%%CITATION = ARXIV:0911.4877;%%",
}


@book{Bayatyan:706847,
      author       = {Bayatyan, G L, et al.},
      title        = {CMS TriDAS project: Technical Design Report, Volume 1: The Trigger Systems},
      series       = {Technical Design Report CMS},
year = {2002}
}

@book{Cittolin:578006,
      author       = "Cittolin, Sergio and Rácz, Attila and Sphicas, Paris",
      title        = "CMS The TriDAS Project: Technical Design Report, Volume 2:
                      Data Acquisition and High-Level Trigger. CMS trigger and
                      data-acquisition project",
      publisher    = "CERN",
      address      = "Geneva",
      series       = "Technical Design Report CMS",
      year         = "2002",
}

@techreport{Meschi:687345,
      author       = "Meschi, Emilio and Monteiro, T and Seez, Christopher and
                      Vikas, Pratibha",
      title        = "Electron Reconstruction in the CMS Electromagnetic
                      Calorimeter",
      institution  = "CERN",
      address      = "Geneva",
      number       = "CMS-NOTE-2001-034",
      month        = "Jun",
      year         = "2001",
}

@techreport{Baffioni:934070,
      author       = "Baffioni, Stephanie and Charlot, Claude and Ferri, Federico
                      and Futyan, David and Meridiani, Paolo and Puljak, Ivica and
                      Rovelli, Chiara and Salerno, Roberto and Sirois, Yves",
      title        = "Electron reconstruction in CMS",
      institution  = "CERN",
      address      = "Geneva",
      number       = "CMS-NOTE-2006-040",
      month        = "Feb",
      year         = "2006",
}

@THESIS{Pandolfi_thesis,
    author     =     {Francesco Pandolfi},
    title     =     {{Search for the Standard Model Higgs Boson in the H to ZZ to llqq Decay Channel at CMS}},
    institution =     {Sapienza, University of Rome},
    year     =     {2011},
    }

@article{1126-6708-2008-04-063,
  author={Matteo Cacciari and Gavin P. Salam and Gregory Soyez},
  title={The anti- k t jet clustering algorithm},
  journal={Journal of High Energy Physics},
  volume={2008},
  number={04},
  pages={063},
  url={http://stacks.iop.org/1126-6708/2008/i=04/a=063},
  year={2008}
  }

@article{Herwig,
  author={G.~Corcella {\it et al.}},
  title={Herwig 6.5 release note},
  url={arXiv:hep-ph/0210213.},
year = {2013}
}

@ARTICLE{particleflow,
  author = {CMS Collaboration},
  title = {{Particle-flow event reconstruction in cms and performance for jets,
taus, and met.}},
  journal = {Technical Report CMS-PAS-PFT-09-001},
  year = {2009},
  volume = {},
  pages = {},
  doi = {},
}

@THESIS{Cosa_thesis,
    author     =     {Annapaola de Cosa},
    title     =     {{Search for a Higgs boson in the H to ZZ to llqq channel with the CMS experiment at the LHC}},
    institution =     {University delgli Sudi di Napoli},
    year     =     {2013},
    }


@ARTICLE{SuperLHC,
  author = {Michalangel L. Mangano},
  title = {{The super-LHC}},
  journal = {CERN-PH-TH/2009-164},
  year = {2009},
  volume = {},
  pages = {},
  doi = {},
}


@ARTICLE{3dsilicon,
  author = {S. I. Parker, C. J. Kenney, J. Segal},
  title = {{3D—A proposed new architecture for solid-state radiation detectors}},
  journal = {Nucl. Instr. Meth. A},
  year = {1997},
  volume = {395},
  pages = {328-343},
  doi = {},
}

@ARTICLE{5734879, 
author={Koybasi, O. and Alagoz, E. and Krzywda, A. and Arndt, K. and Bolla, G. and Bortoletto, D. and Hansen, T-E and Hansen, T.A. and Jensen, G.U. and Kok, A. and Kwan, S. and Lietaer, N. and Rivera, R. and Shipsey, I. and Uplegger, L. and Da Via, C.}, 
journal={Nuclear Science, IEEE Transactions on}, 
title={Electrical Characterization and Preliminary Beam Test Results of 3D Silicon CMS Pixel Detectors}, 
year={2011}, 
volume={58}, 
number={3}, 
pages={1315-1323}, 
doi={10.1109/TNS.2011.2117439}, 
ISSN={0018-9499},}

@ARTICLE{5556029, 
author={Koybasi, O. and Bortoletto, D. and Hansen, T-E and Kok, A. and Hansen, T.A. and Lietaer, N. and Jensen, G.U. and Summanwar, A. and Bolla, G. and Kwan, S.W.L.}, 
journal={Nuclear Science, IEEE Transactions on}, 
title={Design, Simulation, Fabrication, and Preliminary Tests of 3D CMS Pixel Detectors for the Super-LHC}, 
year={2010}, 
volume={57}, 
number={5}, 
pages={2897-2905}, 
ISSN={0018-9499},}


@ARTICLE{CMSpixel,
  author = {A. Kumar},
  title = {{Commissioning of the CMS forward pixel detector}},
  journal = {JINST},
  year = {2009},
  volume = {4},
  pages = {P03026},
  doi = {},
}

@ARTICLE{GSF_at_CMS,
  author = {Adam Wolfgang, et Al.},
  title = {{Reconstruction of Electrons with the Gaussian-Sum Filter in the CMS Tracker at the LHC}},
  journal = {CMS-NOTE-2005-001},
  year = {2005},
  volume = {},
  pages = {},
  doi = {},
}



@ARTICLE{pdf4lhc,
  author = {Michiel Botje, et Al.},
  title = {{The PDF4LHC Working Group Interim Recommendations}},
  journal = {http://arxiv.org/abs/1101.0538},
  year = {2011},
  volume = {},
  pages = {},
  doi = {},
}

@ARTICLE{,
  author = {},
  title = {{}},
  journal = {},
  year = {},
  volume = {},
  pages = {},
  doi = {},
}

@ARTICLE{,
  author = {},
  title = {{}},
  journal = {},
  year = {},
  volume = {},
  pages = {},
  doi = {},
}